<?xml version="1.0" encoding="UTF-8"?><record xmlns="http://www.loc.gov/MARC21/slim" xmlns:cinclude="http://apache.org/cocoon/include/1.0" xmlns:zs="http://www.loc.gov/zing/srw/">
  <leader>00448cz  a2200133n  4500</leader>
  <controlfield tag="001">n  85289656 </controlfield>
  <controlfield tag="003">DLC</controlfield>
  <controlfield tag="005">20080421075206.0</controlfield>
  <controlfield tag="008">860307n| acannaabn          |n aaa      </controlfield>
  <datafield tag="010" ind1=" " ind2=" ">
    <subfield code="a">n  85289656 </subfield>
  </datafield>
  <datafield tag="035" ind1=" " ind2=" ">
    <subfield code="a">(OCoLC)oca01527630</subfield>
  </datafield>
  <datafield tag="040" ind1=" " ind2=" ">
    <subfield code="a">DLC</subfield>
    <subfield code="b">eng</subfield>
    <subfield code="c">DLC</subfield>
    <subfield code="d">DLC</subfield>
    <subfield code="d">OCoLC</subfield>
  </datafield>
  <datafield tag="100" ind1="1" ind2=" ">
    <subfield code="a">Trondsen, Eilif</subfield>
  </datafield>
  <datafield tag="670" ind1=" " ind2=" ">
    <subfield code="a">His Changing perspectives on protectionism, c1983:</subfield>
    <subfield code="b">t.p. (Eilif Trondsen) p. 40 (int. economist, SRI Int., Mgmt. &amp; Economics Group; Ph.D., UCSB)</subfield>
  </datafield>
</record>